<?xml version="1.0" encoding="utf-8"?>
<record xmlns="http://www.loc.gov/MARC21/slim" xmlns:xsi="http://www.w3.org/2001/XMLSchema-instance" xsi:schemaLocation="http://www.loc.gov/MARC21/slim http://www.loc.gov/standards/marcxml/schema/MARC21slim.xsd">
	<leader>     nam a22     Mi 4500</leader>
	<controlfield tag="001">2423944</controlfield>
	<controlfield tag="003">NjP</controlfield>
	<controlfield tag="006">m        d        </controlfield>
	<controlfield tag="007">cr cn |||m|||a</controlfield>
	<controlfield tag="008">201130s1906    ua      o     000 0 ara d</controlfield>
	<datafield ind1="7" ind2=" " tag="024">
		<subfield code="a">princeton_aco004435</subfield>
		<subfield code="2">local</subfield>
	</datafield>
	<datafield ind1=" " ind2=" " tag="040">
		<subfield code="a">ZYU</subfield>
		<subfield code="b">ara</subfield>
		<subfield code="c">ZYU</subfield>
	</datafield>
	<datafield ind1="1" ind2=" " tag="100">
		<subfield code="6">880-01</subfield>
		<subfield code="a">Subkī, Tāj al-Dīn ʻAbd al-Wahhāb ibn ʻAlī,</subfield>
		<subfield code="d">approximately 1327-1370.</subfield>
		<subfield code="0">http://id.loc.gov/authorities/names/n84020872</subfield>
	</datafield>
	<datafield ind1="1" ind2="0" tag="240">
		<subfield code="6">880-02</subfield>
		<subfield code="a">Ṭabaqāt al-Shāfiʻīyah al-kubrá</subfield>
	</datafield>
	<datafield ind1="1" ind2="3" tag="245">
		<subfield code="6">880-03</subfield>
		<subfield code="a">al-juzʼ al-awwal[-al-sādis] min Ṭabaqāt al-Shāfiʻīyah al-kubrá</subfield>
		<subfield code="h">[electronic resource] /</subfield>
		<subfield code="c">li-Tāj al-Dīn Abī Naṣr ʻAbd al-Wahhāb ibn Taqī al-Dīn al-Subkī.</subfield>
	</datafield>
	<datafield ind1=" " ind2=" " tag="250">
		<subfield code="6">880-04</subfield>
		<subfield code="a">al-Ṭabʻah 1</subfield>
	</datafield>
	<datafield ind1=" " ind2=" " tag="260">
		<subfield code="6">880-05</subfield>
		<subfield code="a">Miṣr :</subfield>
		<subfield code="b">al-Maṭbaʻah al-Ḥusaynīyah,</subfield>
		<subfield code="c">1906.</subfield>
	</datafield>
	<datafield ind1=" " ind2=" " tag="300">
		<subfield code="a">online resource (6 v.)</subfield>
	</datafield>
	<datafield ind1=" " ind2=" " tag="500">
		<subfield code="6">880-06</subfield>
		<subfield code="a">&quot;Ṭubiʻa ʻalá nafaqat multazimihi ḥaḍrat al-Sharīf Mawlāy Aḥmad ibn ʻAbd al-Karīm al-Qādirī al-Ḥusnī al-Maghribī al-Fāsī&quot;--T.p.</subfield>
	</datafield>
	<datafield ind1=" " ind2=" " tag="500">
		<subfield code="a">Part of the Arabic Collections Online (ACO) project, contributed by Princeton University Libraries.</subfield>
	</datafield>
	<datafield ind1=" " ind2=" " tag="533">
		<subfield code="a">Electronic reproduction.</subfield>
		<subfield code="b">New York, N.Y. :</subfield>
		<subfield code="c">New York University,</subfield>
		<subfield code="d">2020.</subfield>
		<subfield code="5">NNU</subfield>
	</datafield>
	<datafield ind1=" " ind2="0" tag="650">
		<subfield code="a">Shafiites</subfield>
		<subfield code="v">Biography</subfield>
		<subfield code="v">Early works to 1800.</subfield>
	</datafield>
	<datafield ind1="2" ind2=" " tag="710">
		<subfield code="a">Princeton University.</subfield>
		<subfield code="b">Library.</subfield>
	</datafield>
	<datafield ind1="0" ind2=" " tag="730">
		<subfield code="a">Arabic Collections Online.</subfield>
	</datafield>
	<datafield ind1="0" ind2="8" tag="776">
		<subfield code="i">Print version:</subfield>
		<subfield code="a">Subkī, Tāj al-Dīn ʻAbd al-Wahhāb ibn ʻAlī, approximately 1327-1370. http://id.loc.gov/authorities/names/n84020872</subfield>
		<subfield code="t">al-juzʼ al-awwal[-al-sādis] min Ṭabaqāt al-Shāfiʻīyah al-kubrá</subfield>
		<subfield code="w">(NjP)2423944</subfield>
	</datafield>
	<datafield ind1="4" ind2=" " tag="856">
		<subfield code="u">http://catalog.hathitrust.org/Record/008919238</subfield>
	</datafield>
	<datafield ind1="4" ind2="0" tag="856">
		<subfield code="u">http://hdl.handle.net/2333.1/dbrv1ghh</subfield>
	</datafield>
	<datafield ind1="1" ind2=" " tag="880">
		<subfield code="6">100-01</subfield>
		<subfield code="a">سبكي، تاج الدين عبد الوهاب بن علي،</subfield>
		<subfield code="d">. 1327-1370.</subfield>
	</datafield>
	<datafield ind1="1" ind2="0" tag="880">
		<subfield code="6">240-02</subfield>
		<subfield code="a">طبقات الشافعية الكبرى</subfield>
	</datafield>
	<datafield ind1="1" ind2="2" tag="880">
		<subfield code="6">245-03</subfield>
		<subfield code="a">الجزء الاول[السادس] من طبقات الشافعية الكبرى /</subfield>
		<subfield code="c">لتاج الدين ابي نصر عبد الوهاب بن تقي الدين السبكي.</subfield>
	</datafield>
	<datafield ind1=" " ind2=" " tag="880">
		<subfield code="6">250-04</subfield>
		<subfield code="a">الطبعة 1</subfield>
	</datafield>
	<datafield ind1=" " ind2=" " tag="880">
		<subfield code="6">260-05</subfield>
		<subfield code="a">مصر :</subfield>
		<subfield code="b">المطبعة الحسينية،</subfield>
		<subfield code="c">1906.</subfield>
	</datafield>
	<datafield ind1=" " ind2=" " tag="880">
		<subfield code="6">500-06</subfield>
		<subfield code="a">&quot;طبع على نفقة ملتزمه حضرة الشريف مولاي احمد بن عبد الكريم القادري الحسني المغربي الفاسي&quot;ت.پ.</subfield>
	</datafield>
	<datafield ind1=" " ind2=" " tag="911">
		<subfield code="a">19990709</subfield>
	</datafield>
	<datafield ind1=" " ind2=" " tag="959">
		<subfield code="a">NNU</subfield>
		<subfield code="b">WEB</subfield>
		<subfield code="c">GENI</subfield>
		<subfield code="t">0</subfield>
		<subfield code="m">Electronic access</subfield>
		<subfield code="s">01</subfield>
	</datafield>
	<datafield ind1=" " ind2=" " tag="999">
		<subfield code="a">2423944</subfield>
		<subfield code="s">princeton_aco004435:vol. 4</subfield>
		<subfield code="s">princeton_aco004436:vol. 6</subfield>
		<subfield code="s">princeton_aco004437:vol. 1</subfield>
		<subfield code="s">princeton_aco004438:vol. 2</subfield>
		<subfield code="s">princeton_aco004439:vol. 3</subfield>
		<subfield code="s">princeton_aco004440:vol. 5</subfield>
	</datafield>
	<datafield ind1=" " ind2=" " tag="979">
		<subfield code="a">(OCoLC)ocn178167238</subfield>
	</datafield>
	<datafield ind1=" " ind2="0" tag="866">
		<subfield code="0">2720003</subfield>
		<subfield code="8">0</subfield>
		<subfield code="a">v.1-6</subfield>
	</datafield>
	<datafield ind1=" " ind2="0" tag="866">
		<subfield code="0">3541903</subfield>
		<subfield code="a">v. 1-6</subfield>
	</datafield>
	<datafield ind1=" " ind2=" " tag="959">
		<subfield code="a">2000-06-08 00:00:00 -0500</subfield>
	</datafield>
</record>
